@article{lstm,
	title={LSTM: A Search Space Odyssey},
	author={Greff, Klaus and Srivastava, Rupesh K and Koutn{\'\i}k, Jan and Steunebrink, Bas R and Schmidhuber, J{\"u}rgen},
	journal={IEEE transactions on neural networks and learning systems},
	volume={28},
	number={10},
	pages={2222--2232},
	year={2016},
	publisher={IEEE}
}

@article{transformer,
	title={Attention Is All You Need},
	author={Vaswani, Ashish and Shazeer, Noam and Parmar, Niki and Uszkoreit, Jakob and Jones, Llion and Gomez, Aidan N and Kaiser, {\L}ukasz and Polosukhin, Illia},
	journal={Advances in neural information processing systems},
	volume={30},
	year={2017}
}


@article{GPT,
	title={Improving Language Understanding by Generative Pre-Training},
	author={Radford, Alec and Narasimhan, Karthik and Salimans, Tim and Sutskever, Ilya and others},
	year={2018},
	publisher={OpenAI}
}

@article{BERT,
	title={Bert: Pre-training of Deep Bidirectional Transformers for Language Understanding},
	author={Devlin, Jacob and Chang, Ming-Wei and Lee, Kenton and Toutanova, Kristina},
	journal={arXiv preprint arXiv:1810.04805},
	year={2018}
}

@article{GRU,
	title={Learning Phrase Representations Using RNN Encoder-Decoder for Statistical Machine Translation},
	author={Cho, Kyunghyun and Van Merri{\"e}nboer, Bart and Gulcehre, Caglar and Bahdanau, Dzmitry and Bougares, Fethi and Schwenk, Holger and Bengio, Yoshua},
	journal={arXiv preprint arXiv:1406.1078},
	year={2014}
}

@article{BPTT,
	title={Backpropagation through Time: What It Does and How to Do It},
	author={Werbos, Paul J},
	journal={Proceedings of the IEEE},
	volume={78},
	number={10},
	pages={1550--1560},
	year={1990},
	publisher={IEEE}
}

@incollection{RTRL,
	title={Gradient-based Learning Algorithms for Recurrent Networks and Their Computational Complexity},
	author={Williams, Ronald J and Zipser, David},
	booktitle={Backpropagation},
	pages={433--486},
	year={2013},
	publisher={Psychology Press}
}

@article{dailydialog,
	title={Dailydialog: A Manually Labelled Multi-Turn Dialogue Dataset},
	author={Li, Yanran and Su, Hui and Shen, Xiaoyu and Li, Wenjie and Cao, Ziqiang and Niu, Shuzi},
	journal={arXiv preprint arXiv:1710.03957},
	year={2017}
}